@article{oluk_2002,    
    doi = {10.1080/10798587.2000.10642829}, 
    url = {https://doi.org/10.1080/10798587.2000.10642829},
    year = 2002, 
    month = {jan},  
    publisher = {{TSI} Press},   
    volume = {8},   
    number = {3}, 
    pages = {265--272}, 
    author = {Göktürk Ü{c{c}}oluk},
    title = {Genetic Algorithm Solution of the {TSP} Avoiding Special Crossover
             and Mutation}, 
    journal = {Intelligent Automation {\&} Soft
             Computing}
}
